@article{schunker2018fraile,
  title={Fraile Detection of Solar $$-Modes by Fossat et al.},
  author={Schunker, Hannah and Schou, Jesper and Gaulme, Patrick and Gizon, Laurent},
  journal={Solar Physics},
  volume={293},
  number={6},
  pages={95},
  year={2018},
  publisher={Springer}
  keywords={},
  note={},
  addendum={}
}

@article{appourchaux2018searching,
  title={Searching for g modes-I. A new calibration of the GOLF instrument},
  author={Appourchaux, T and Boumier, P and Leibacher, JW and Corbard, T},
  journal={Astronomy \& Astrophysics},
  volume={617},
  pages={A108},
  year={2018},
  publisher={EDP Sciences},
  keywords={},
  note={},
  addendum={}
}

@article{broomhall2010comparison,
  title={A comparison of frequentist and Bayesian inference: searching for low-frequency p modes and g modes in Sun-as-a-star data},
  author={Broomhall, A-M and Chaplin, WJ and Elsworth, Y and Appourchaux, T and New, R},
  journal={Monthly Notices of the Royal Astronomical Society},
  volume={406},
  number={2},
  pages={767--781},
  year={2010},
  publisher={The Royal Astronomical Society}
}

@article{ulrich2017detection,
  title={Detection of g modes in the asymptotic frequency range: evidence for a rapidly rotating core},
  author={Ulrich, Roger K and Fossat, Eric and Boumier, Patrick and Gabriel, Alan and Grec, Gerard and Renaud, Catherine and Robillot, Jean-Maurice and Roca Cort{\'e}s, Teodoro and Turck-Chi{\`e}ze, Sylvaine},
  journal={Context},
  volume={604},
  number={40F},
  year={2017}
}

@article{appourchaux2019searching,
  title={Searching for g modes-II. Unconfirmed g-mode detection in the power spectrum of the time series of round-trip travel time},
  author={Appourchaux, T and Corbard, T},
  journal={Astronomy \& Astrophysics},
  volume={624},
  pages={A106},
  year={2019},
  publisher={EDP Sciences}
}

@article{scherrer2019critical,
  title={A Critical Evaluation of Recent Claims Concerning Solar Rotation},
  author={Scherrer, PH and Gough, DO},
  journal={The Astrophysical Journal},
  volume={877},
  number={1},
  pages={42},
  year={2019},
  publisher={IOP Publishing}
}

@article{deheuvels2018seismic,
  title={Seismic characterization of red giants going through the helium-core flash},
  author={Deheuvels, S and Belkacem, K},
  journal={Astronomy \& Astrophysics},
  volume={620},
  pages={A43},
  year={2018},
  publisher={EDP Sciences}
}

@article{appourchaux2018searching,
  title={Searching for g modes-I. A new calibration of the GOLF instrument},
  author={Appourchaux, T and Boumier, P and Leibacher, JW and Corbard, T},
  journal={Astronomy \& Astrophysics},
  volume={617},
  pages={A108},
  year={2018},
  publisher={EDP Sciences}
}

@article{rashba2007probing,
  title={Probing the internal solar magnetic field through g modes},
  author={Rashba, Timur I and Semikoz, Victor B and Turck-Chi{\`e}ze, Sylvaine and Valle, Jos{\'e} WF},
  journal={Monthly Notices of the Royal Astronomical Society},
  volume={377},
  number={1},
  pages={453--458},
  year={2007},
  publisher={Blackwell Publishing Ltd Oxford, UK}
}

@article{pedersen2018shape,
  title={The shape of convective core overshooting from gravity-mode period spacings},
  author={Pedersen, MG and Aerts, C and P{\'a}pics, PI and Rogers, TM},
  journal={Astronomy \& Astrophysics},
  volume={614},
  pages={A128},
  year={2018},
  publisher={EDP Sciences}
}
